<?xml version="1.0" encoding="UTF-8"?><collection xmlns="http://www.loc.gov/MARC21/slim"><record><leader>00392nam--2200133-i-4500</leader><controlfield tag="001">000031592</controlfield><controlfield tag="002">20161230</controlfield><controlfield tag="005">20170128001249</controlfield><controlfield tag="008">060222s1000------------r-----000-0-eng-d</controlfield><datafield ind1=" " ind2=" " tag="245"><subfield code="a">Lecture notes in pure and applied mathematics. Vol. 37: Representation th.of algebras</subfield></datafield><datafield ind1=" " ind2=" " tag="260"><subfield code="a">New York</subfield><subfield code="b">Marcel Dekker Inc</subfield><subfield code="c">1978</subfield></datafield><datafield ind1=" " ind2=" " tag="700"><subfield code="a">Gordon, Robert</subfield></datafield><datafield ind1=" " ind2=" " tag="852"><subfield code="a">46568</subfield></datafield><datafield ind1=" " ind2=" " tag="CAT"><subfield code="a">SYS</subfield><subfield code="c">20170128</subfield><subfield code="h">001249</subfield></datafield></record></collection>